<record><leader>00000cas a22000007a 4500</leader><controlfield tag="001">38981386</controlfield><controlfield tag="008">980420d19691980tnuwr ne      0    0eng d</controlfield><datafield ind1=" " ind2=" " tag="010"><subfield code="a">sn 98069792 </subfield></datafield><datafield ind1=" " ind2=" " tag="040"><subfield code="a">TGN</subfield><subfield code="b">eng</subfield><subfield code="c">TGN</subfield><subfield code="d">OCLCQ</subfield><subfield code="d">OCLCF</subfield><subfield code="d">OCLCO</subfield></datafield><datafield ind1="1" ind2=" " tag="029"><subfield code="a">AU@</subfield><subfield code="b">000013904209</subfield></datafield><datafield ind1=" " ind2=" " tag="042"><subfield code="a">msc</subfield></datafield><datafield ind1=" " ind2=" " tag="043"><subfield code="a">n-us-tn</subfield></datafield><datafield ind1="0" ind2=" " tag="130"><subfield code="a">Campbell County times (La Follette, Tenn.)</subfield></datafield><datafield ind1="1" ind2="4" tag="245"><subfield code="a">The Campbell County times.</subfield></datafield><datafield ind1="1" ind2=" " tag="246"><subfield code="i">Issues for Feb. 7, 1973-Jan. 16, 1974 have title:</subfield><subfield code="a">Times, Campbell County</subfield></datafield><datafield ind1="1" ind2=" " tag="246"><subfield code="i">Issues for July 7-Aug. 25, 1976 have title:</subfield><subfield code="a">Times</subfield></datafield><datafield ind1=" " ind2=" " tag="260"><subfield code="a">La Follette, Tenn. :</subfield><subfield code="b">C.J. Daniels,</subfield><subfield code="c">1969-1980.</subfield></datafield><datafield ind1=" " ind2=" " tag="300"><subfield code="a">v.</subfield></datafield><datafield ind1=" " ind2=" " tag="310"><subfield code="a">Weekly</subfield></datafield><datafield ind1="0" ind2=" " tag="362"><subfield code="a">Vol. 1, no. 1 (June 11, 1969)-v. 11, no. 46 (June. 4, 1980).</subfield></datafield><datafield ind1=" " ind2="0" tag="651"><subfield code="a">La Follette (Tenn.)</subfield><subfield code="v">Newspapers.</subfield></datafield><datafield ind1=" " ind2="0" tag="651"><subfield code="a">Campbell County (Tenn.)</subfield><subfield code="v">Newspapers.</subfield></datafield><datafield ind1=" " ind2="7" tag="655"><subfield code="a">Newspapers.</subfield><subfield code="2">fast</subfield><subfield code="0">(OCoLC)fst01423814</subfield></datafield><datafield ind1=" " ind2="7" tag="651"><subfield code="a">Tennessee</subfield><subfield code="z">Campbell County.</subfield><subfield code="2">fast</subfield><subfield code="0">(OCoLC)fst01225294</subfield></datafield><datafield ind1=" " ind2="7" tag="651"><subfield code="a">Tennessee</subfield><subfield code="z">La Follette.</subfield><subfield code="2">fast</subfield><subfield code="0">(OCoLC)fst01224141</subfield></datafield><datafield ind1=" " ind2=" " tag="752"><subfield code="a">United States</subfield><subfield code="b">Tennessee</subfield><subfield code="c">Campbell</subfield><subfield code="d">La Follette.</subfield></datafield><datafield ind1="0" ind2="0" tag="785"><subfield code="t">Campbell County news/times</subfield><subfield code="w">(DLC)sn 98069793</subfield></datafield></record>